=LDR  01231cam a2200361 a 4500
=001  004227947
=003  NNU
=005  20160314042432.0
=008  150801s2015\\\\ir\\\\\\\\\\\\000\j\per\d
=040  \\$aHLS$beng$cHLS$dTEF
=066  \\$c(3$c(4
=020  \\$a9786002293268
=020  \\$a6002293264
=035  \\$a(OCoLC)929151140
=050  \4$aPK6562.23.A352$bV39 2015
=049  \\$aZYUU
=100  1\$6880-01$aMāfī, Amīrʹ riz̤ā.
=245  10$6880-02$aVaz̤ʻiyat-i banafsh /$cAmīrʹ riz̤ā Māfī.
=250  \\$6880-03$aChāp-i avval.
=264  \1$6880-04$aTihrān :$bNashr-i Chishmah,$c1394 [2015].
=300  \\$a95 pages ;$c21 cm.
=336  \\$atext$btxt$2rdacontent
=337  \\$aunmediated$bn$2rdamedia
=338  \\$avolume$bnc$2rdacarrier
=500  \\$a"Kitābʹhā-yi qafasah-yi ābī" -- on cover.
=500  \\$aShort stories.
=752  \\$aIran$dTehran.
=852  0\$aNNU$bBOBST$cMAIN$hPK6562.23.A352$iV39 2015$p31142060736538
=880  1\$6100-01/(3/r$aمافى، امىر‌رضا.
=880  10$6245-02/(3/r$aوضعىت بنفش /$cامىر‌رضا مافى.
=880  \\$6250-03/(4/r$aچاپ اول.
=880  \1$6264-04/(3/r$aتهران :$bنشر چشمه،$c1394 [2015].
=994  \\$aC0$bTEF

