=LDR  01325cam a2200385 i 4500
=001  004227945
=003  NNU
=005  20160314042100.0
=008  151214s2015\\\\ir\\\\\\\\\\\\000\1\per\\
=010  \\$a  2015325839
=040  \\$aDLC$beng$erda$cDLC$dCGU$dTEF
=066  \\$c(3$c(4
=020  \\$a9789643519971
=020  \\$a964351997X
=035  \\$a(OCoLC)932303228
=037  \\$aLibrary of Congress -- Islamabad Overseas Office
=042  \\$alcode
=050  \4$aPK6562.3.U32$bR58 2015
=049  \\$aZYUU
=100  1\$6880-01$aṬūfānī, Ūldūz,$eauthor.
=245  10$6880-02$aRivāyat-i haftum /$cŪldūz Ṭūfānī.
=250  \\$6880-03$aChāp-i avval.
=264  \1$6880-04$aTihrān :$bMuʼassasah-i Intishārāt-i Nigāh,$c2015.
=300  \\$a237 pages ;$c22 cm
=336  \\$atext$btxt$2rdacontent
=337  \\$aunmediated$bn$2rdamedia
=338  \\$avolume$bnc$2rdacarrier
=500  \\$aPersian fiction.
=546  \\$aIn Persian.
=852  0\$aNNU$bBOBST$cMAIN$hPK6562.3.U32$iR58 2015$p31142060736546
=880  1\$6100-01/(3/r$aطوفانى، اولدوز،$eauthor.
=880  10$6245-02/(3/r$aرواىت هفتم /$cاولدوز طوفانى.
=880  \\$6250-03/(4/r$aچاپ اول.
=880  \1$6264-04/(3/r$aتهران :$bمؤسسه انتشارات نگاه،$c2015.
=994  \\$aC0$bTEF

