=LDR  01238cam a2200373 a 4500
=001  004202540
=003  NNU
=005  20160314013842.0
=008  150929s2014\\\\ir\\\\\\\\\\\\000\f\per\d
=040  \\$aRAHAB$beng$cRAHAB$dOCLCO$dOCLCF$dOCLCQ$dTEF
=066  \\$c(3$c(4
=020  \\$a9786002294913
=020  \\$a6002294910
=035  \\$a(OCoLC)922549591
=050  \4$aPK6562.1.S239$bQ34 2014
=049  \\$aZYUU
=100  1\$6880-01$aAsadʹzādah, Mihdī.
=245  10$6880-02$aQūch /$cMihdī Asadʹzādah.
=250  \\$6880-03$aChāp-i 1.
=260  \\$6880-04$aTihrān :$bIntishārāt-i Chishmih,$c1393 [2014].
=300  \\$a112 pages ;$c21 cm
=336  \\$atext$btxt$2rdacontent
=337  \\$aunmediated$bn$2rdamedia
=338  \\$avolume$bnc$2rdacarrier
=500  \\$aNovel.
=546  \\$aIn Persian.
=650  \0$aPersian fiction.
=650  \7$aPersian fiction.$2fast$0(OCoLC)fst01058461
=852  0\$aNNU$bBOBST$cMAIN$hPK6562.1.S239$iQ34 2014$p31142060734996
=880  1\$6100-01/(3/r$aاسد‌زاده، مهدى.
=880  10$6245-02/(3/r$aقوچ /$cمهدى اسدزاده.
=880  \\$6250-03/(4/r$aچاپ 1.
=880  \\$6260-04/(3/r$aتهران :$bانتشارات چشمه،$c1393 [2014].
=994  \\$aC0$bTEF

