=LDR  01400nam a2200349 i 4500
=001  004202543
=003  NNU
=005  20160314050749.0
=008  160314s2015\\\\ir\\\\\\\\\\\\000\j\per\d
=040  \\$aNNU$beng$erda$cTEF
=066  \\$c(4$c(3
=020  \\$a9786006955797$cprint
=020  \\$a6006955792$cprint
=035  \\$a(OCoLC)944456943
=050  \4$aPK6562.21.A733$bY55 2015
=049  \\$aZYUU
=100  1\$6880-01$aKarbalāyī Ṭāhir, Ḥusayn,$eauthor.
=245  10$6880-02$aYik rūz-i sagī-i yik mard-i daqīq :$bmajmūʻah-i dāstānʹhā-yi kūtāh /$cḤusayn Karbalāyī Ṭāhir (Shāhīn).
=250  \\$6880-03$aChāp-i avval.
=264  \1$6880-04$aTihrān :$bShūr-i Āfarīn,$c1394 [2015 or 2016].
=300  \\$a102 pages ;$c22 cm
=336  \\$atext$btxt$2rdacontent
=337  \\$aunmediated$bn$2rdamedia
=338  \\$avolume$bnc$2rdacarrier
=546  \\$aIn Persian.
=500  \\$aShort stories.
=852  0\$aNNU$bBOBST$cMAIN$hPK6562.21.A733$iY55 2015$p31142060735019
=880  1\$6100-01/(4/r$aکربلاىى طاهر، حسىن،$eauthor.
=880  10$6245-02/(3/r$aىک روز سگى ىک مرد دقىق :$bمجموعه داستان‌هاى کوتاه /$cحسىن کربلاىى طاهر (شاهىن).
=880  \\$6250-03/(4/r$aچاپ اول.
=880  \1$6264-04/(3/r$aتهران :$bشور آفرىن،$c1394 [2015 or 2016].
=994  \\$aC0$bTEF

