=LDR  01895cam a2200469 i 4500
=001  004202549
=003  NNU
=005  20160314031851.0
=008  150730s2015\\\\ir\\\\\\\\\\\\000\h\per\\
=010  \\$a  2015326733
=040  \\$aDLC$beng$erda$cDLC$dOCLCO$dTEF
=066  \\$c(3$c(4
=020  \\$a9786007075289
=020  \\$a6007075281
=035  \\$a(OCoLC)915310009
=037  \\$aLibrary of Congress -- Islamabad Overseas Office
=042  \\$alcode
=050  \4$aPK6561.S2447$bA83 2015
=049  \\$aZYUU
=100  1\$6880-01$aSākī, Riz̤ā,$eauthor.
=245  10$6880-02$aAṣan yih vaz̤ī /$cRiz̤ā Sākī ; dabīr-i muḥtavā, Umīd Mahdīʹnizhād ; vīrāstār, Mīnā Ḥāmidī.
=250  \\$6880-03$aChāp-i avval.
=264  \1$6880-04$a[Tihrān] :$bKitāb-i Qāf,$c1394 [2015]
=300  \\$a75 pages, 3 unnumbered pages ;$c17 cm.
=336  \\$atext$btxt$2rdacontent
=337  \\$aunmediated$bn$2rdamedia
=338  \\$avolume$bnc$2rdacarrier
=490  0\$6880-05$aAz majmūʻah-i Qāf-i labkhand
=500  \\$aWit and humor.
=546  \\$aIn Persian.
=650  \0$aPersian wit and humor.
=700  1\$6880-06$aMahdīʹnizhād, Umīd,$d1979 or 1980-$eeditor.
=700  1\$6880-07$aḤāmidī, Mīnā,$eeditor.
=852  0\$aNNU$bBOBST$cMAIN$hPK6561.S2447$iA83 2015$p31142060735035
=880  1\$6100-01/(3/r$aساکى، رضا،$eauthor.
=880  10$6245-02/(3/r$aاصن يه وضى /$cرضا ساکى ؛ دبير محتوا، اميد مهدى‌نژاد ؛ ويراستار، مينا حامدى.
=880  \\$6250-03/(4/r$aچاپ اول.
=880  \1$6264-04/(3/r$a[تهران] :$bکتاب قاف،$c1394 [2015].
=880  0\$6490-05/(3/r$aاز مجموعه قاف لبخند
=880  1\$6700-06/(3/r$aمهدى‌نژاد، اميد,$eeditor.
=880  1\$6700-07/(3/r$aحامدى، مينا,$eeditor.
=994  \\$aC0$bTEF

