=LDR  01340cam a2200385 a 4500
=001  004202548
=003  NNU
=005  20160314040706.0
=008  150901s2015\\\\ir\\\\\\\\\\\\000\h\per\d
=040  \\$aHLS$beng$cHLS$dTEF
=066  \\$c(3$c(4
=020  \\$a9786007075296
=020  \\$a600707529X
=035  \\$a(OCoLC)930046649
=050  \4$aPK6562.23.A435$bA23 2015
=049  \\$aZYUU
=100  1\$6880-01$aMalakūtīʹkhvāh, Aḥmad.
=245  10$6880-02$aAbavī-i fadavī /$cAḥmad Malakūtīʹkhvāh.
=250  \\$6880-03$aChāp-i avval.
=264  \1$6880-04$aTihrān :$bKitāb-i Qāf,$c1394 [2015].
=300  \\$a56 pages ;$c16 cm
=336  \\$atext$btxt$2rdacontent
=337  \\$aunmediated$bn$2rdamedia
=338  \\$avolume$bnc$2rdacarrier
=546  \\$aIn Persian.
=500  \\$6880-05$a"Az majmūʻah-i qāf-i labkhand."
=650  \0$aPersian wit and humor.
=752  \\$aIran$dTehran.
=852  0\$aNNU$bBOBST$cMAIN$hPK6562.23.A435$iA23 2015$p31142060735027
=880  1\$6100-01/(3/r$aملکوتی‌خواه، احمد.
=880  10$6245-02/(3/r$aابوی فدوی /$cاحمد ملکوتی‌خواه.
=880  \\$6250-03/(4/r$aچاپ اول.
=880  \1$6264-04/(3/r$aتهران :$bکتاب قاف،$c1394 [2015].
=880  \\$6500-05/(3/r$a"از مجموعه قاف لبخند."
=994  \\$aC0$bTEF

