=LDR  01746cam a2200457 i 4500
=001  004202551
=003  NNU
=005  20160314032527.0
=008  150730s2015\\\\ir\\\\\\\\\\\\000\h\per\\
=010  \\$a  2015326735
=040  \\$aDLC$beng$erda$cDLC$dTEF
=066  \\$c(3$c(4
=020  \\$a9786007075272
=020  \\$a6007075273
=035  \\$a(OCoLC)915310011
=037  \\$aLibrary of Congress -- Islamabad Overseas Office
=042  \\$alcode
=050  \4$aPK6562.23.A335$bB38 2015
=049  \\$aZYUU
=100  1\$6880-01$aMahdīʹnizhād, Umīd,$d1979 or 1980-$eauthor.
=245  10$6880-02$aBastah-i pīshnihādī /$cUmīd Mahdīʹnizhād ; vīrāstār, Mīnā Ḥāmidī.
=246  3\$aBastah-i pīshnahādī
=250  \\$6880-03$aChāp-i avval.
=264  \1$6880-04$a[Tihrān] :$bKitāb-i Qāf,$c1394 [2015].
=300  \\$a94 unnumbered pages ;$c17 cm.
=336  \\$atext$btxt$2rdacontent
=337  \\$aunmediated$bn$2rdamedia
=338  \\$avolume$bnc$2rdacarrier
=490  0\$6880-05$aAz majmūʻah-i Qāf-i labkhand
=500  \\$aWit and humor.
=546  \\$aIn Persian.
=650  \0$aPersian wit and humor.
=700  1\$6880-06$aḤāmidī, Mīnā,$eeditor.
=852  0\$aNNU$bBOBST$cMAIN$hPK6562.23.A335$iB38 2015$p31142060735050
=880  1\$6100-01/(3/r$aمهدى‌نژاد، امىد،$eauthor.
=880  10$6245-02/(3/r$aبسته پيشنهادى /$cاميد مهدى‌نژاد ؛ ويراستار، مينا حامدى.
=880  \\$6250-03/(4/r$aچاپ اول.
=880  \1$6264-04/(3/r$a[تهران] :$bکتاب قاف،$c1394 [2015].
=880  0\$6490-05/(3/r$aاز مجموعه قاف لبخند
=880  1\$6700-06/(3/r$aحامدى، مىنا،$eeditor.
=994  \\$aC0$bTEF

