=LDR  01991cam a2200493 i 4500
=001  004202552
=003  NNU
=005  20160314035419.0
=008  150730s2015\\\\ir\\\\\\\\\\\\000\h\per\\
=010  \\$a  2015326736
=040  \\$aDLC$beng$erda$cDLC$dOCLCO$dTEF
=066  \\$c(3$c(4
=020  \\$a9786007075562
=020  \\$a6007075567
=035  \\$a(OCoLC)915310012
=037  \\$aLibrary of Congress -- Islamabad Overseas Office
=042  \\$alcode
=050  \4$aPK6562.12.I933$bB39 2015
=049  \\$aZYUU
=100  1\$6880-01$aBiyābānakī, Saʻīd,$eauthor.
=245  10$6880-02$aBayt bāzī /$cSaʻīd Biyābānakī ; dabīr-i muḥtavā, Umīd Mahdīʹnizhād ; vīrāstār, Mīnā Ḥāmidī.
=246  3\$6880-03$aBaytʹbāzī
=250  \\$6880-04$aChāp-i avval.
=264  \1$6880-05$a[Tihrān] :$bKitāb-i Qāf,$c1394 [2015]
=300  \\$a72 pages ;$c17 cm.
=336  \\$atext$btxt$2rdacontent
=337  \\$aunmediated$bn$2rdamedia
=338  \\$avolume$bnc$2rdacarrier
=490  0\$6880-06$aAz majmūʻah-i Qāf-i labkhand
=500  \\$aWit and humor.
=546  \\$aIn Persian.
=650  \0$aPersian wit and humor.
=700  1\$6880-07$aMahdīʹnizhād, Umīd,$d1979 or 1980-$eeditor.
=700  1\$6880-08$aḤāmidī, Mīnā,$eeditor.
=852  0\$aNNU$bBOBST$cMAIN$hPK6562.12.I933$iB39 2015$p31142060735068
=880  1\$6100-01/(3/r$aبيابانکى، سعيد,$eauthor.
=880  10$6245-02/(3/r$aبيت بازى /$cسعيد بيابانکى ؛ دبير محتوا، اميد مهدى‌نژاد ؛ ويراستار، مينا حامدى.
=880  3\$6246-03/(3/r$aبيت‌بازى
=880  \\$6250-04/(4/r$aچاپ اول.
=880  \1$6264-05/(3/r$a[تهران] :$bکتاب قاف،$c1394 [2015].
=880  0\$6490-06/(3/r$aاز مجموعه قاف لبخند
=880  1\$6700-07/(3/r$aمهدى‌نژاد، اميد,$eeditor.
=880  1\$6700-08/(3/r$aحامدى، مينا,$eeditor.
=994  \\$aC0$bTEF

