=LDR  01200nam a2200349 i 4500
=001  004202553
=003  NNU
=005  20160314031206.0
=008  160314s2015\\\\ir\\\\\\\\\\\\000\h\per\d
=040  \\$aNNU$beng$erda$cTEF
=066  \\$c(3$c(4
=020  \\$a9786007075593$cprint
=020  \\$a6007075591$cprint
=035  \\$a(OCoLC)944450172
=050  \4$aPK6562.22.A338$bB58 2015
=049  \\$aZYUU
=100  1\$6880-01$aLabash, ʻAlīriz̤ā,$eauthor.
=245  10$6880-02$aBīʹsar va tah /$cʻAlīriz̤ā Labash.
=250  \\$6880-03$aChāp-i avval.
=264  \1$6880-04$aTihrān :$bKitāb-i Qāf,$c1394 [2015 or 2016].
=300  \\$a1 volume (unpaged) ;$c17 cm
=336  \\$atext$btxt$2rdacontent
=337  \\$aunmediated$bn$2rdamedia
=338  \\$avolume$bnc$2rdacarrier
=546  \\$aIn Persian.
=650  \0$aPersian wit and humor.
=852  0\$aNNU$bBOBST$cMAIN$hPK6562.22.A338$iB58 2015$p31142060735076
=880  1\$6100-01/(3/r$aلبش، علىرضا،$eauthor.
=880  10$6245-02/(3/r$aبى‌سر و ته /$cعلىرضا لبش.
=880  \\$6250-03/(4/r$aچاپ اول.
=880  \1$6264-04/(3/r$aتهران :$bکتاب قاف،$c1394 [2015 or 2016].
=994  \\$aC0$bTEF

