=LDR  01932cam a2200481 i 4500
=001  004202555
=003  NNU
=005  20160315032023.0
=008  150730s2015\\\\ir\\\\\\\\\\\\000\h\per\\
=010  \\$a  2015326737
=040  \\$aDLC$beng$erda$cDLC$dOCLCO$dTEF
=066  \\$c(3$c(4
=020  \\$a9786007075586
=020  \\$a6007075583
=035  \\$a(OCoLC)915310060
=037  \\$aLibrary of Congress -- Islamabad Overseas Office
=042  \\$alcode
=050  \4$aPK6562.29.H346$bN88 2015
=049  \\$aZYUU
=100  1\$6880-01$aShāhʹnūrī, Nidā.
=245  10$6880-02$aNūstālzhīkātūr /$cNidā Shāhʹnūrī ; dabīr-i muḥtavā, Umīd Mahdīʹnizhād ; vīrāstār, Mīnā Ḥāmidī.
=250  \\$6880-03$aChāp-i avval.
=264  \1$6880-04$aTihrān :$bKitāb-i Qāf,$c1394 [2015]
=300  \\$a88 unnunmbered pages ;$c17 cm.
=336  \\$atext$btxt$2rdacontent
=337  \\$aunmediated$bn$2rdamedia
=338  \\$avolume$bnc$2rdacarrier
=490  0\$6880-05$aAz majmūʻah-i Qāf-i labkhand
=500  \\$aWit and humor.
=546  \\$aIn Persian.
=520  \\$aSatire, Persian - 20th century.
=650  \0$aPersian wit and humor.
=700  1\$6880-06$aMahdīʹnizhād, Umīd,$d1979 or 1980-
=700  1\$6880-07$aḤāmidī, Mīnā,$eeditor.
=852  0\$aNNU$bBOBST$cMAIN$hPK6562.29.H346$iN88 2015$p31142060735092
=880  1\$6100-01/(3/r$aشاه‌نورى، ندا.
=880  10$6245-02/(3/r$aنوستالژيکاتور /$cندا شاه‌نورى ؛ دبير محتوا، اميد مهدى‌نژاد ؛ ويراستار، مينا حامدى.
=880  \\$6250-03/(4/r$aچاپ اول.
=880  \1$6264-04/(3/r$aتهران :$bکتاب قاف،$c1394 [2015].
=880  0\$6490-05/(3/r$aاز مجموعه قاف لبخند
=880  1\$6700-06/(3/r$aمهدى‌نژاد، اميد.
=880  1\$6700-07/(3/r$aحامدى، مينا.
=994  \\$aC0$bTEF

