=LDR  01259nam a2200349 i 4500
=001  004202558
=003  NNU
=005  20160314020924.0
=008  160314s2015\\\\ir\\\\\\\\\\\\000\1\per\d
=040  \\$aNNU$beng$erda$cTEF
=066  \\$c(3$c(4
=020  \\$a9786000423391$cprint
=020  \\$a600042339X$cprint
=035  \\$a(OCoLC)944447534
=050  \4$aPK6562.2.A337$bS53 2015
=049  \\$aZYUU
=100  1\$6880-01$aJaʻfariyān, Sayyid ʻAlīriz̤ā,$eauthor.
=245  10$6880-02$aShaʼn-i khar /$cSayyid ʻAlīriz̤ā Jaʻfariyān.
=250  \\$6880-03$aChāp-i avval.
=264  \1$6880-04$aTihrān :$bNāshir-i muʼallif,$c1394 [2015 or 2016].
=300  \\$a49 pages :$bcolor illustrations ;$c21 cm
=336  \\$atext$btxt$2rdacontent
=337  \\$aunmediated$bn$2rdamedia
=338  \\$avolume$bnc$2rdacarrier
=546  \\$aIn Persian.
=650  \0$aSatire, Persian.
=852  0\$aNNU$bBOBST$cMAIN$hPK6562.2.A337$iS53 2015$p31142060735126
=880  1\$6100-01/(3/r$aجعفرىان، سيد علىرضا،$eauthor.
=880  10$6245-02/(3/r$aشأن خر /$cسيد علىرضا جعفرىان.
=880  \\$6250-03/(4/r$aچاپ اول.
=880  \1$6264-04/(3/r$aتهران :$bناشر مؤلف،$c1394 [2015 or 2016].
=994  \\$aC0$bTEF

