=LDR  01283cam a2200373 a 4500
=001  004202556
=003  NNU
=005  20160315020419.0
=008  150901s2015\\\\ir\\\\\\\\\\\\000\h\per\d
=040  \\$aHLS$beng$cHLS$dTEF
=066  \\$c(3$c(4
=020  \\$a9786007075241
=020  \\$a6007075249
=035  \\$a(OCoLC)930046657
=050  \4$aPK6562.29.A455$bR58 2015
=049  \\$aZYUU
=100  1\$6880-01$aSamīʻī, Jalāl.
=245  10$6880-02$aRisālah-i ṣad farmān /$cJalāl Samīʻī.
=250  \\$6880-03$aChāp-i avval.
=264  \1$6880-04$aTihrān :$bKitāb-i Qāf,$c1394 [2015].
=300  \\$a62 pages ;$c16 cm
=336  \\$atext$btxt$2rdacontent
=337  \\$aunmediated$bn$2rdamedia
=338  \\$avolume$bnc$2rdacarrier
=500  \\$6880-05$a"Az majmūʻah-i qāf-i labkhand."
=650  \0$aPersian wit and humor.
=752  \\$aIran$dTehran.
=852  0\$aNNU$bBOBST$cMAIN$hPK6562.29.A455$iR58 2015$p31142060735100
=880  1\$6100-01/(3/r$aسمىعى، جلال.
=880  10$6245-02/(3/r$aرساله صد فرمان /$cجلال سمىعى.
=880  \\$6250-03/(4/r$aچاپ اول.
=880  \1$6264-04/(3/r$aتهران :$bکتاب قاف،$c1394 [2015].
=880  \\$6500-05/(3/r$a"از مجموعه قاف لبخند."
=994  \\$aC0$bTEF

