=LDR  01335cam a2200385 a 4500
=001  004202557
=003  NNU
=005  20160314040252.0
=008  150901s2015\\\\ir\\\\\\\\\\\\000\h\per\d
=040  \\$aHLS$beng$cHLS$dTEF
=066  \\$c(3$c(4
=020  \\$a9786007075555
=020  \\$a6007075559
=035  \\$a(OCoLC)930046676
=050  \4$aPK6562.29.H355$bR83 2015
=049  \\$aZYUU
=100  1\$6880-01$aShakībā, Shahrām.
=245  10$6880-02$aRubāʻīyāt-i zanjīrahʼī /$cShahrām Shakībā.
=250  \\$6880-03$aChāp-i avval.
=264  \1$6880-04$aTihrān :$bKitāb-i Qāf,$c1394 [2015].
=300  \\$a50 pages ;$c16 cm
=336  \\$atext$btxt$2rdacontent
=337  \\$aunmediated$bn$2rdamedia
=338  \\$avolume$bnc$2rdacarrier
=546  \\$aIn Persian.
=500  \\$6880-05$a"Az majmūʻah-i qāf-i labkhand."
=650  \0$aPersian wit and human.
=752  \\$aIran$dTehran.
=852  0\$aNNU$bBOBST$cMAIN$hPK6562.29.H355$iR83 2015$p31142060735118
=880  1\$6100-01/(3/r$aشکیبا، شهرام.
=880  10$6245-02/(3/r$aرباعیات زنجیره‌ای /$cشهرام شکیبا.
=880  \\$6250-03/(4/r$aچاپ اول.
=880  \1$6264-04/(3/r$aتهران :$bکتاب قاف،$c1394 [2015].
=880  \\$6500-05/(3/r$a"از مجموعه قاف لبخند."
=994  \\$aC0$bTEF

