=LDR  01801nam a2200421 i 4500
=001  004202577
=003  NNU
=005  20160315122917.0
=008  160315s2015\\\\ir\\\\\\\\\\\\000\1\per\d
=040  \\$aNNU$beng$erda$cTEF
=066  \\$c(3$c(4
=020  \\$a9643521303$cprint
=020  \\$a9789643521301$cprint
=035  \\$a(OCoLC)944521647
=041  1\$aper$heng
=050  \4$aPS3553.O633$bB751675 2015
=049  \\$aZYUU
=100  1\$aCoover, Robert,$eauthor.
=240  10$aBriar rose.$lPersian
=245  10$6880-01$aRuz-i khārzār /$cRābirt Kūvir ; [mutarjim] Bābak Maẓlūmī.
=246  1\$iTitle on page [4] of cover:$aBriar rose
=250  \\$6880-02$aChāp-i avval.
=264  \1$6880-03$aTihrān :$bAndīshah-i Sāzān,$c1384 [2015 or 2016].
=300  \\$a62 pages ;$c22 cm
=336  \\$atext$btxt$2rdacontent
=337  \\$aunmediated$bn$2rdamedia
=338  \\$avolume$bnc$2rdacarrier
=546  \\$aIn Persian.
=500  \\$6880-04$aOn cover: Az majmūʻah-i kitābʹhā-yi Rāvī.
=520  \\$aAn allegorical retelling of Sleeping Beauty. It features a princess who dreams of a succession of kissing princes, and a fairy who inhabits her dreams, regaling her with legends of other sleeping beauties. A look at the power of romantic desire.
=650  \0$aFairy tales$vAdaptations.
=650  \0$aAmerican fiction$vTranslations into Persian.
=852  0\$aNNU$bBOBST$cMAIN$hPS3553.O633$iB751675 2015$p31142060735167
=880  10$6245-01/(3/r$aرز خارزار /$cرابرت کوور ؛ [مترجم] بابک مظلومى.
=880  \\$6250-02/(4/r$aچاپ اول.
=880  \1$6264-03/(3/r$aتهران :$bاندىشه سازان،$c1384 [2015 or 2016].
=880  \\$6500-04/(3/r$aOn cover: از مجموعه کتاب‌هاى راوى.
=994  \\$aC0$bTEF

