=LDR  02446nam a2200493 i 4500
=001  004202578
=003  NNU
=005  20160314025441.0
=008  160314s2011\\\\ir\a\\\\\\\\\\000\1\per\d
=040  \\$aNNU$beng$erda$cTEF
=066  \\$c(N$c(3$c(4
=020  \\$a9786005906165$cprint
=020  \\$a600590616X$cprint
=035  \\$a(OCoLC)944449262
=041  1\$aper$hrus
=050  \4$aPG3489.S976$bL481675 2011
=049  \\$aZYUU
=100  1\$6880-01$aT︠S︡ypkin, Leonid,$d1926-1982,$eauthor.
=240  10$6880-02$aLeto v Badene.$lPersian
=245  10$6880-03$aTābistān dar Bādin Bādin :$bbā muqaddimahʹ-ī az Sūzān Sāntāg /$cLiʼūnīd Tsīpkīn ; tarjumahʹ-yi Bābak Maẓlūmī.
=246  1\$iEnglish title in CIP data:$aSummer in Baden-Baden
=250  \\$6880-04$aChāp-i avval.
=264  \1$6880-05$aTihrān :$bKitāb-i Nashr-i Nīkā,$c1390 [2011 or 2012].
=300  \\$a224 pages :$billustrations ;$c22 cm
=336  \\$atext$btxt$2rdacontent
=337  \\$aunmediated$bn$2rdamedia
=338  \\$avolume$bnc$2rdacarrier
=546  \\$aIn Persian.
=520  \\$aThe narrator recounts his journey to Leningrad as the story of the 1867 travels of Fyodor Dostoyevsky and his new wife, Anna Grigoryevna, also unfolds.
=600  10$6880-06$aDostoyevsky, Fyodor,$d1821-1881$vFiction.
=650  \0$aRussian fiction$vTranslations into Persian.
=700  1\$6880-07$aMaẓlūmī, Bābak,$etranslator.
=700  1\$aSontag, Susan,$d1933-2004,$ewriter of introduction.
=700  1\$6880-08$iTranslation of (work):$aT︠S︡ypkin, Leonid,$d1926-1982,$eauthor.$tLeto v Badene.
=852  0\$aNNU$bBOBST$cMAIN$hPG3489.S976$iL481675 2011$p31142060735175
=880  1\$6100-01/(N$aЦыпкин, Леонид,$d1926-1982,$eauthor.
=880  10$6240-02/(N$aЛето в Бадене.$lPersian
=880  10$6245-03/(3/r$aتابستان در بادن بادن :$bبا مقدمه‌ى از سوزان سانتاگ /$cلؤونىد تسىپکىن ؛ ترجمه‌ى بابک مظلومى.
=880  \\$6250-04/(4/r$aچاپ اول.
=880  \1$6264-05/(3/r$aتهران :$bکتاب نشر نىکا،$c1390 [2011 or 2012].
=880  14$6600-06/(N$aДостоевский, Федор,$d1821-1881.
=880  1\$6700-07/(3/r$aمظلومى، بابک،$etranslator.
=880  1\$6700-08/(N$iTranslation of (work):$aЦыпкин, Леонид,$d1926-1982,$eauthor.$tЛето в Бадене.
=994  \\$aC0$bTEF

