=LDR  02279cam a2200517 i 4500
=001  004202579
=003  NNU
=005  20160315021553.0
=008  140219s2011\\\\ir\\\\\\\\\\\\000\1\per\\
=040  \\$aAU@$beng$erda$cAU@$dOCLCO$dOCLCA$dOCLCQ$dOCLCO$dTEF
=066  \\$c(3$c(4
=020  \\$a9786005906523$q(paperback)
=020  \\$a6005906526$q(paperback)
=029  0\$aAU@$b000052539718
=035  \\$a(OCoLC)873006295
=041  1\$aper$heng
=043  \\$ae-bn---
=050  \4$aPR9199.3.G265$bC451675 2011
=082  04$a813.6$223
=049  \\$aZYUU
=100  1\$aGalloway, Steven,$d1975-$eauthor.
=240  10$aCellist of Sarajevo.$lPersian
=245  10$6880-01$aVīyalūn sil navāz-i sārāyivū =$bThe cellist of Sarajevo /$cIstīvin Gāluvay ; tarjumah-yi Bābak Maẓlūmī.
=250  \\$6880-02$aChāp-i avval.
=264  \1$6880-03$aTihrān :$bKitāb-i Nashr-i Nīkā,$c1391 [2011].
=300  \\$a247 pages ;$c22 cm
=336  \\$atext$btxt$2rdacontent
=337  \\$aunmediated$bn$2rdamedia
=338  \\$avolume$bnc$2rdacarrier
=500  \\$aTranslation of: The cellist of Sarajevo.
=546  \\$aIn Persian (Farsi).
=520  \\$aWhile a cellist plays at the site of a mortar attack to commemorate the deaths of twenty-two friends and neighbors, two other men set out in search of bread and water to keep themselves alive, and a woman sniper secretly protects the life of the cellist as her army becomes increasingly threatening.
=650  \0$aCellists$vFiction.
=650  \0$aSnipers$vFiction.
=650  \0$aFamilies$vFiction.
=650  \0$aYugoslav War, 1991-1995$vFiction.
=651  \0$aSarajevo (Bosnia and Herzegovina)$vFiction.
=650  \0$aCanadian fiction$vTranslations into Persian.
=655  \0$aWar stories.
=700  1\$6880-04$aMaẓlūmī, Bābak,$etranslator.
=852  0\$aNNU$bBOBST$cMAIN$hPR9199.3.G265$iC451675 2011$p31142060735183
=880  10$6245-01/(3/r$aويلون سل نواز ساراىوو =$bThe cellist of Sarajevo /$cاستىون گالوى ؛ ترجمهى بابک مظلومى.
=880  \\$6250-02/(4/r$aچاپ اول.
=880  \1$6264-03/(3/r$aتهران :$bکتاب نشر نىکا،$c1391 [2011].
=880  1\$6700-04/(3/r$aمظلومى، بابک،$etranslator.
=994  \\$aC0$bTEF

