=LDR  02283nam a2200493 i 4500
=001  004202580
=003  NNU
=005  20160315015725.0
=008  160315s2015\\\\ir\\\\\\\\\\\\000\0\per\d
=040  \\$aNNU$beng$erda$cTEF
=066  \\$c(3$c(4
=020  \\$a9786005906783$cprint
=020  \\$a600590678X$cprint
=035  \\$a(OCoLC)944525686
=041  1\$aper$heng
=043  \\$an-us---$an-us-la
=050  \4$aF379.N553$bZ4541675 2013
=049  \\$aZYUU
=100  1\$aEggers, Dave,$eauthor.
=240  10$aZeitoun.$lPersian
=245  10$6880-01$aZaytūn /$cDayv Igirz ; [mutarjim] Bābak Maẓlūmī.
=250  \\$6880-02$aChāp-i avval.
=264  \1$6880-03$aTihrān :$bKitāb-i Nashr-i Nīkā,$c1392 [2013 or 2014].
=300  \\$a384 pages ;$c22 cm
=336  \\$atext$btxt$2rdacontent
=337  \\$aunmediated$bn$2rdamedia
=338  \\$avolume$bnc$2rdacarrier
=546  \\$aIn Persian.
=520  \\$aIn the wake of Hurricane Katrina, longtime New Orleans residents Abdulrahman and Kathy Zeitoun are cast into an unthinkable struggle with forces beyond wind and water. In the days after the storm, Abdulrahman traveled the flooded streets in a secondhand canoe, passing on supplies and helping those he could. A week later, on September 6, 2005, Zeitoun abruptly disappeared--arrested and accused of being an agent of Al-Qaeda.
=600  10$aZeitoun, Abdulrahman,$d1957-
=600  10$aZeitoun, Kathy.
=651  \0$aNew Orleans (La.)$vBiography.
=650  \0$aDisaster victims$zLouisiana$zNew Orleans$vBiography.
=650  \0$aArab Americans$zLouisiana$zNew Orleans$vBiography.
=650  \0$aHurricane Katrina, 2005$xSocial aspects$zLouisiana$zNew Orleans.
=650  \0$aArab Americans$zLouisiana$zNew Orleans$xSocial conditions.
=700  1\$6880-04$aMaẓlūmī, Bābak,$etranslator.
=700  1\$iTranslation of (work):$aEggers, Dave,$eauthor.$tZeitoun.
=852  0\$aNNU$bBOBST$cMAIN$hF379.N553$iZ4541675 2013$p31142060735191
=880  10$6245-01/(3/r$aزىتون /$cدىو اگرز ؛ [مترجم] بابک مظلومى.
=880  \\$6250-02/(4/r$aچاپ اول.
=880  \1$6264-03/(3/r$aتهران :$bکتاب نشر نىکا،$c1392 [2013 or 2014].
=880  1\$6700-04/(3/r$aمظلومى، بابک،$etranslator.
=994  \\$aC0$bTEF

