=LDR  01745nam a2200421 i 4500
=001  004202581
=003  NNU
=005  20160314043921.0
=008  160314s2012\\\\ir\\\\\\\\\\\\000\j\per\d
=040  \\$aNNU$beng$erda$cTEF
=066  \\$c(4$c(3
=020  \\$a9786005906776$cprint
=020  \\$a6005906771$cprint
=035  \\$a(OCoLC)944455711
=041  1\$aper$heng
=050  \4$aPS3605.G48$bH691675 2012
=049  \\$aZYUU
=100  1\$aEggers, Dave,$eauthor.
=240  10$aHow we are hungry.$lPersian
=245  10$6880-01$aChitūr gurusnah hastīm /$cDayv Igirz ; [mutarjim] Bābak Maẓlūmī.
=250  \\$6880-02$aChāp-i avval.
=264  \1$6880-03$aTihrān :$bKitāb-i Nashri-i Nīkā,$c1391 [2012 or 2013].
=300  \\$a214 pages ;$c22 cm
=336  \\$atext$btxt$2rdacontent
=337  \\$aunmediated$bn$2rdamedia
=338  \\$avolume$bnc$2rdacarrier
=546  \\$aIn Persian.
=520  0\$aA debut collection of short stories presents a compelling cast of characters who struggle with inconvenient revelations, from the deserts of Egypt to the side of Interstate 5.
=650  \0$aShort stories, American.
=650  \0$aAmerican fiction$vTranslations into Persian.
=700  1\$6880-04$aMaẓlūmī, Bābak,$etranslator.
=700  1\$iTranslation of (work):$aEggers, Dave,$eauthor.$tHow we are hungry.
=852  0\$aNNU$bBOBST$cMAIN$hPS3605.G48$iH691675 2012$p31142060735209
=880  10$6245-01/(4/r$aچتور گرسنه هستىم /$cدىو اگرز ؛ [مترجم] بابک مظلومى.
=880  \\$6250-02/(4/r$aچاپ اول.
=880  \1$6264-03/(3/r$aتهران :$bکتاب نشر نىکا،$c1391 [2012 or 2013].
=880  1\$6700-04/(3/r$aمظلومى، بابک،$etranslator.
=994  \\$aC0$bTEF

