=LDR  01687cam a2200385 i 4500
=001  004227936
=003  NNU
=005  20160301162746.3
=008  151214s2015\\\\ir\\\\\\\b\\\\000\0\pero\
=010  \\$a  2015325833
=040  \\$aDLC$beng$erda$cDLC$dNOC
=066  \\$c(3$c(4
=020  \\$a9789641913337
=020  \\$a9641913336
=037  \\$aLibrary of Congress -- Islamabad Overseas Office
=042  \\$alcode$apcc
=050  \4$aPK6418$b.J255 2015
=049  \\$aZYUU
=100  1\$6880-01$aJaʻfarī, Siyāvash,$d1976 or 1977-$eauthor.
=245  10$6880-02$aShiʻr-i nū dar tarāzū-yi taʼvīl :$bnigāhī bih muhimʹtarīn taʼvīlʹhā-yi shiʻr-i nū az āghāz tā imrūz /$cDuktur Siyāvash Jaʻfarī.
=250  \\$6880-03$aChāp-i avval.
=264  \1$6880-04$aTihrān :$bIntishārāt-i Murvārīd,$c1394 [2015]
=300  \\$a509 pages ;$c24 cm
=336  \\$atext$btxt$2rdacontent
=337  \\$aunmediated$bn$2rdamedia
=338  \\$avolume$bnc$2rdacarrier
=504  \\$aIncludes bibliographical references (pages 503-509).
=546  \\$aIn Persian.
=650  \0$aPersian poetry$y20th century$xHistory and criticism.
=650  \0$aBlank verse$y20th century$xHistory and criticism.
=852  0\$aNNU$bBOBST$cMAIN$hPK6418$i.J255 2015$p31142060736462
=880  1\$6100-01/(3/r$aجعفرى، سياوش،$d1976 or 1977-
=880  10$6245-02/(3/r$aشعر نو در ترازوى تأويل :$bنگاهى به مهم‌ترين تأويل‌هاى شعر نو از آغاز تا امروز /$cدکتر سياوش جعفرى.
=880  \\$6250-03/(4/r$aچاپ اول.
=880  \1$6264-04/(3/r$aتهران :$bانتشارات مرواريد،$c1394 [2015]

