=LDR  01356cam a2200385 i 4500
=001  004227934
=003  NNU
=005  20160314041749.0
=008  151214s2014\\\\ir\\\\\\\\\\\\000\p\per\\
=010  \\$a  2015325832
=040  \\$aDLC$beng$erda$cDLC$dOCLCO$dTEF
=066  \\$c(4$c(3
=020  \\$a9789641912453
=020  \\$a9641912453
=035  \\$a(OCoLC)932303190
=037  \\$aLibrary of Congress -- Islamabad Overseas Office
=042  \\$alcode
=050  \4$aPK6562.13.H393$bG89 2014
=049  \\$aZYUU
=100  1\$6880-01$aChāychī, Riz̤ā,$d1962 or 1963-$eauthor.
=245  10$6880-02$aGuzīdah-yi ashʻār :$b1366 tā 1390 /$cRiz̤ā Chāychī.
=250  \\$6880-03$aChāp-i avval.
=264  \1$6880-04$aTihrān :$bIntishārāt-i Murvārīd,$c1393 [2014].
=300  \\$a313 pages ;$c22 cm
=336  \\$atext$btxt$2rdacontent
=337  \\$aunmediated$bn$2rdamedia
=338  \\$avolume$bnc$2rdacarrier
=500  \\$aPoems.
=546  \\$aIn Persian.
=852  0\$aNNU$bBOBST$cMAIN$hPK6562.13.H393$iG89 2014$p31142060736488
=880  1\$6100-01/(4/r$aچاىچى، رضا،$eauthor.
=880  10$6245-02/(4/r$aگزىدهى اشعار :$b1366 تا 1390 /$cرضا چاىچى.
=880  \\$6250-03/(4/r$aچاپ اول.
=880  \1$6264-04/(3/r$aتهران :$bانتشارات مروارىد،$c1393 [2014].
=994  \\$aC0$bTEF

