=LDR  01275cam a2200373 a 4500
=001  004227933
=003  NNU
=005  20160314040954.0
=008  150815s2015\\\\ir\\\\\\\\\\\\000\p\per\d
=040  \\$aHLS$beng$cHLS$dTEF
=066  \\$c(3$c(4
=020  \\$a9786002294562
=020  \\$a6002294562
=035  \\$a(OCoLC)929152728
=050  \4$aPK6561.M813$bD37 2015
=049  \\$aZYUU
=100  1\$6880-01$aMujābī, Javād.
=245  10$6880-02$aDar īn utāqʹhā :$bmajmūʻah-i shiʻr /$cJavād Mujābī.
=250  \\$6880-03$aChāp-i avval.
=264  \1$6880-04$aTihrān :$bChishmah,$c1394 [2015].
=300  \\$a258 pages ;$c20 cm.
=336  \\$atext$btxt$2rdacontent
=337  \\$aunmediated$bn$2rdamedia
=338  \\$avolume$bnc$2rdacarrier
=500  \\$6880-05$a"Jahān-i tāzah-yi shiʻr."
=500  \\$aPoems.
=752  \\$aIran$dTehran.
=852  0\$aNNU$bBOBST$cMAIN$hPK6561.M813$iD37 2015$p31142060736496
=880  1\$6100-01/(3/r$aمجابی، جواد.
=880  10$6245-02/(3/r$aدر این اتاق‌ها :$bمجموعه شعر /$cجواد مجابی.
=880  \\$6250-03/(4/r$aچاپ اول.
=880  \1$6264-04/(3/r$aتهران :$bچشمه،$c1394 [2015].
=880  \\$6500-05/(3/r$a"جهان تازهى شعر."
=994  \\$aC0$bTEF

