=LDR  02051cam a2200457 i 4500
=001  004227925
=003  NNU
=005  20160314112026.0
=008  151214s2014\\\\ir\g\\\\\\\\\\000\0\per\\
=010  \\$a  2015325824
=040  \\$aDLC$beng$erda$cDLC$dOCLCO$dTEF
=066  \\$c(3$c(4
=020  \\$a9790698501101
=035  \\$a(OCoLC)932303197
=037  \\$aLibrary of Congress -- Islamabad Overseas Office
=042  \\$alcode
=050  \4$aML1451.I7$bD383 2014
=049  \\$aZYUU
=100  1\$6880-01$aDavāmī, ʻAbd Allāh,$d1891 or 1892-1980 or 1981,$eauthor.
=245  10$6880-02$aTaṣānīf-i dawrah-i Qājār bih rivāyat-i ustād ʻAbd Allāh Davāmī :$bshūr, sihʹgāh, chahārʹgāh, navā /$cnigārish-i Farāz Mujībī.
=246  17$6880-03$aTaṣānīf-i dawrah-i Qājār
=246  1\$iTitle on page [4] of cover:$aQajar period tasnifs according to the version of Maestro Abdollah Davani :$bshur, segâh, châhârgâh, navâ
=250  \\$6880-04$aChāp-i avval.
=264  \1$6880-05$aTihrān :$bFarāz Mujībī,$c1393 [2014 or 2015].
=300  \\$a144 pages :$bmusic ;$c29 cm
=336  \\$atext$btxt$2rdacontent
=337  \\$aunmediated$bn$2rdamedia
=338  \\$avolume$bnc$2rdacarrier
=546  \\$aIn Persian.
=650  \0$aSongs, Persian$zIran.
=650  \0$aMusic$zIran$xHistory.
=650  \0$aDastgāh.
=700  1\$6880-06$aMujībī, Farāz,$d1983 or 1984-$eauthor.
=852  0\$aNNU$bBOBST$cMAIN$hML1451.I7$iD383 2014$p31142060736512
=880  1\$6100-01/(3/r$aدوامى، عبد الله،$eauthor.
=880  10$6245-02/(3/r$aتصانىف دوره قاجار به رواىت استاد عبد الله دوامى :$bشور، سه‌اه، چهار‌اه، نوا /$cنگارش فراز مجىبى.
=880  17$6246-03/(3/r$aتصانىف دوره قاجار
=880  \\$6250-04/(4/r$aچاپ اول.
=880  \1$6264-05/(3/r$aتهران :$bفراز مجىبى،$c1393 [2014 or 2015].
=880  1\$6700-06/(3/r$aمجىبى، فراز،$eauthor.
=994  \\$aC0$bTEF

