=LDR  01705cam a2200409 i 4500
=001  004227950
=003  NNU
=005  20160315031114.0
=008  151214s2014\\\\ir\a\\\\\b\\\\001\0aper\\
=010  \\$a  2015325843
=040  \\$aDLC$beng$erda$cDLC$dTEF
=066  \\$c(3$c(4
=020  \\$a9789641903741
=020  \\$a9641903748
=035  \\$a(OCoLC)932303237
=037  \\$aLibrary of Congress -- Islamabad Overseas Office
=042  \\$alcode
=050  \4$aDS316.9.N384$bA3 2014
=049  \\$aZYUU
=100  1\$6880-01$aNaṣr Māsūlah, Anūsh,$eauthor.
=245  10$6880-02$aKhudāḥāfiẓ Chārlī :$bkhāṭirāt-i Anūsh Naṣr Māsūlah (Naṣr Allāhʹzādah) /$cmuṣāḥabah va tadvīn-i Kīvān Salaḥshūrī Mihr.
=250  \\$6880-03$aChāp-i nukhast.
=264  \1$6880-04$aRasht :$bFarhang-i Īliyā,$c1393 [2014].
=300  \\$a336 pages :$billustrations ;$c22 cm
=336  \\$atext$btxt$2rdacontent
=337  \\$aunmediated$bn$2rdamedia
=338  \\$avolume$bnc$2rdacarrier
=546  \\$aIn Persian.
=504  \\$aIncludes bibliographical references and index.
=600  10$6880-05$aNaṣr Māsūlah, Anūsh$vDiaries.
=852  0\$aNNU$bBOBST$cMAIN$hDS316.9.N384$iA3 2014$p31142060736520
=880  1\$6100-01/(3/r$aنصر ماسوله، انوش،$eauthor.
=880  10$6245-02/(3/r$aخداحافظ چارلى :$bخاطرات انوش نصر ماسوله (نصر الله‌زاده) /$cمصاحبه و تدوىن کىوان سلحشورى مهر.
=880  \\$6250-03/(4/r$aچاپ نخست.
=880  \1$6264-04/(3/r$aرشت :$bفرهنگ ايلىا،$c1393 [2014].
=880  14$6600-05/(3/r$aنصر ماسوله، انوش.
=994  \\$aC0$bTEF

